%% This BibTeX bibliography file was created using BibDesk.
%% http://bibdesk.sourceforge.net/

%% Created for Samuel Gauthier at 2018-01-18 18:12:51 +0100 


%% Saved with string encoding Unicode (UTF-8) 



@article{hoffman2013background,
	Author = {Hoffman, Naty},
	Date-Added = {2018-01-18 17:12:46 +0000},
	Date-Modified = {2018-01-18 17:12:46 +0000},
	Journal = {Physically Based Shading in Theory and Practice},
	Number = {3},
	Pages = {211--223},
	Title = {Background: physics and math of shading},
	Volume = {24},
	Year = {2013}}

@article{karis2013real,
	Author = {Karis, Brian and Games, Epic},
	Date-Added = {2018-01-18 17:11:31 +0000},
	Date-Modified = {2018-01-18 17:11:31 +0000},
	Journal = {Proc. Physically Based Shading Theory Practice},
	Title = {Real shading in unreal engine 4},
	Year = {2013}}

@misc{gerstner1802theorie,
	Author = {Gerstner, F},
	Date-Added = {2018-01-08 18:45:54 +0000},
	Date-Modified = {2018-01-08 18:45:54 +0000},
	Publisher = {Prague},
	Title = {Theorie der wellen: Abhandlungen der Koniglichen Bohmischen Gesellschaft der Wissenschaften},
	Year = {1802}}

@article{max1981vectorized,
	Author = {Max, Nelson L},
	Date-Added = {2018-01-08 18:14:34 +0000},
	Date-Modified = {2018-01-08 18:14:34 +0000},
	Journal = {ACM SIGGRAPH Computer Graphics},
	Number = {3},
	Pages = {317--324},
	Publisher = {ACM},
	Title = {Vectorized procedural models for natural terrain: Waves and islands in the sunset},
	Volume = {15},
	Year = {1981}}

@article{strugar2009continuous,
	Author = {Strugar, Filip},
	Date-Added = {2018-01-07 16:10:36 +0000},
	Date-Modified = {2018-01-07 16:10:36 +0000},
	Journal = {Journal of graphics, GPU, and game tools},
	Number = {4},
	Pages = {57--74},
	Publisher = {Taylor \& Francis},
	Title = {Continuous distance-dependent level of detail for rendering heightmaps},
	Volume = {14},
	Year = {2009}}

@online{howard2016how,
	Author = {Howard Perlman},
	Date-Added = {2018-01-06 15:00:17 +0000},
	Date-Modified = {2018-01-06 15:01:18 +0000},
	Month = {12},
	Title = {How much water is there on, in, and above the Earth?},
	Url = {https://water.usgs.gov/edu/earthhowmuch.html},
	Urldate = {2018-01-06},
	Year = {2016},
	Bdsk-Url-1 = {https://water.usgs.gov/edu/earthhowmuch.html}}

@inproceedings{jensen2001deep,
	Author = {Jensen, Lasse Staff and Golias, Robert},
	Booktitle = {Game Developer's Conference (Gamasutra)},
	Date-Added = {2018-01-05 13:14:20 +0000},
	Date-Modified = {2018-01-05 13:14:20 +0000},
	Title = {Deep-water animation and rendering},
	Year = {2001}}

@online{weisstein2018navier,
	Author = {Weisstein, Eric W.},
	Date-Added = {2018-01-04 21:05:00 +0000},
	Date-Modified = {2018-01-04 21:14:42 +0000},
	Subtitle = {From MathWorld--A Wolfram Web Resource},
	Title = {Navier-Stokes Equations},
	Url = {http://mathworld.wolfram.com/Navier-StokesEquations.html},
	Urldate = {2018-01-04},
	Bdsk-Url-1 = {http://mathworld.wolfram.com/Tree.html},
	Bdsk-Url-2 = {http://mathworld.wolfram.com/Navier-StokesEquations.html}}

@article{gallagher2010autour,
	Author = {Isabelle Gallagher},
	Date-Added = {2018-01-02 21:03:06 +0000},
	Date-Modified = {2018-01-05 19:09:12 +0000},
	Journal = {Images des Math{\'e}matiques},
	Month = {1},
	Title = {Autour des {\'e}quations de Navier-Stokes},
	Url = {http://images.math.cnrs.fr/Autour-des-equations-de-Navier-Stokes?lang=fr},
	Urldate = {2018-01-02},
	Year = {2010},
	Bdsk-Url-1 = {http://images.math.cnrs.fr/Autour-des-equations-de-Navier-Stokes?lang=fr}}

@online{nasa2015navier,
	Date-Added = {2018-01-01 20:37:17 +0000},
	Date-Modified = {2018-01-04 21:21:17 +0000},
	Editor = {Nancy Hall},
	Month = {5},
	Title = {Navier-stokes equations},
	Url = {https://www.grc.nasa.gov/WWW/K-12/airplane/nseqs.html},
	Urldate = {2018-01-01},
	Year = {2015},
	Bdsk-Url-1 = {https://www.grc.nasa.gov/WWW/K-12/airplane/nseqs.html}}

@book{temam1984navier,
	Author = {Temam, Roger},
	Date-Added = {2018-01-01 20:10:53 +0000},
	Date-Modified = {2018-01-01 20:10:53 +0000},
	Publisher = {North-Holland Amsterdam},
	Title = {Navier-stokes equations},
	Volume = {2},
	Year = {1984}}

@online{hudritch2017slproject,
	Author = {Marcus Hudritsch},
	Date-Added = {2017-12-31 21:17:05 +0000},
	Date-Modified = {2018-01-04 21:22:03 +0000},
	Month = {9},
	Title = {SLProject Features},
	Url = {https://github.com/cpvrlab/SLProject/wiki/SLProject-Features},
	Urldate = {2017-12-31},
	Year = {2017},
	Bdsk-Url-1 = {https://github.com/cpvrlab/SLProject/wiki/SLProject-Features}}

@online{slproject2017doxygen,
	Date-Added = {2017-12-31 21:13:52 +0000},
	Date-Modified = {2018-01-04 21:20:32 +0000},
	Month = {9},
	Title = {SLProject Doxygen Documentation},
	Url = {http://cpvrlab.github.io/SLProject_doc/html/index.html},
	Urldate = {2017-12-31},
	Year = {2017},
	Bdsk-Url-1 = {http://cpvrlab.github.io/SLProject_doc/html/index.html}}

@online{zaharia2006cs,
	Date-Added = {2017-12-29 16:46:46 +0000},
	Date-Modified = {2018-01-04 21:19:56 +0000},
	Title = {Matei Zaharia's CS 488 Project},
	Url = {https://www.student.cs.uwaterloo.ca/~cs488/Contrib/w06/a5/mazahari.html},
	Urldate = {2017-12-29},
	Year = {2006},
	Bdsk-Url-1 = {https://www.student.cs.uwaterloo.ca/~cs488/Contrib/w06/a5/mazahari.html}}

@online{wildfire0adstory,
	Date-Added = {2017-12-29 16:22:20 +0000},
	Date-Modified = {2018-01-04 21:18:25 +0000},
	Title = {The Story of 0 A.D.},
	Url = {https://play0ad.com/about/the-story-of-0-a-d/},
	Urldate = {2017-12-29},
	Bdsk-Url-1 = {https://play0ad.com/about/the-story-of-0-a-d/}}

@online{wildfire0adproject,
	Date-Added = {2017-12-29 16:20:34 +0000},
	Date-Modified = {2018-01-04 21:20:14 +0000},
	Title = {Project Overview},
	Url = {https://play0ad.com/game-info/project-overview/},
	Urldate = {2017-12-29},
	Bdsk-Url-1 = {https://play0ad.com/game-info/project-overview/}}

@online{anno2008meersimulation,
	Date-Added = {2017-12-29 15:15:21 +0000},
	Date-Modified = {2018-01-05 13:13:55 +0000},
	Lastchecked = {2017-12-29},
	Title = {Meersimulation In Anno 1404},
	Url = {http://anno.de.ubi.com/devdiary.php?diary=devdiary_1404_2},
	Urldate = {2017-12-29},
	Year = {2008},
	Bdsk-Url-1 = {http://anno.de.ubi.com/devdiary.php?diary=devdiary_1404_2}}

@misc{bowles2013oceans,
	Author = {Huw Bowles},
	Date-Added = {2017-12-29 15:12:04 +0000},
	Date-Modified = {2017-12-29 15:14:50 +0000},
	Title = {Oceans on a Shoestring: Shape Representation, Meshing and Shading},
	Year = {2013}}

@inproceedings{hinsinger2002interactive,
	Author = {Hinsinger, Damien and Neyret, Fabrice and Cani, Marie-Paule},
	Booktitle = {Proceedings of the 2002 ACM SIGGRAPH/Eurographics symposium on Computer animation},
	Date-Added = {2017-12-29 15:10:09 +0000},
	Date-Modified = {2017-12-29 15:10:09 +0000},
	Organization = {ACM},
	Pages = {161--166},
	Title = {Interactive animation of ocean waves},
	Year = {2002}}

@article{fefferman2006existence,
	Author = {Fefferman, Charles L},
	Date-Added = {2017-12-29 15:09:55 +0000},
	Date-Modified = {2017-12-29 15:09:55 +0000},
	Journal = {The millennium prize problems},
	Pages = {57--67},
	Title = {Existence and smoothness of the Navier-Stokes equation},
	Year = {2006}}

@inproceedings{gonzalez2012calm,
	Author = {Gonzalez-Ochoa, Carlos and Holder, Doug and Cook, Eben},
	Booktitle = {ACM SIGGRAPH 2012 Talks},
	Date-Added = {2017-12-29 15:08:36 +0000},
	Date-Modified = {2017-12-29 15:08:36 +0000},
	Organization = {ACM},
	Pages = {3},
	Title = {From a calm puddle to a stormy ocean: Rendering water in uncharted},
	Year = {2012}}

@inproceedings{losasso2004geometry,
	Author = {Losasso, Frank and Hoppe, Hugues},
	Booktitle = {ACM Transactions on Graphics (TOG)},
	Date-Added = {2017-12-29 15:08:21 +0000},
	Date-Modified = {2017-12-29 15:08:21 +0000},
	Number = {3},
	Organization = {ACM},
	Pages = {769--776},
	Title = {Geometry clipmaps: terrain rendering using nested regular grids},
	Volume = {23},
	Year = {2004}}

@book{kellomaki2015large,
	Author = {Timo Kellom{\"a}ki},
	Date-Added = {2017-12-29 15:06:19 +0000},
	Date-Modified = {2017-12-29 15:06:42 +0000},
	Isbn = {978-952-15-3643-4},
	Month = {12},
	Note = {Awarding institution:Tampere University of Technology},
	Publisher = {Tampere University of Technology},
	Series = {Tampere University of Technology. Publication},
	Title = {Large-Scale Water Simulation in Games},
	Year = {2015}}

@inproceedings{wojtan2017large,
	Author = {Wojtan, Chris and Jeschke, Stefan and Chentanez, Nuttapong and Macklin, Miles and M{\"u}ller-Fischer, Matthias},
	Booktitle = {ACM SIGGRAPH 2017 Real Time Live!},
	Date-Added = {2017-12-29 15:05:18 +0000},
	Date-Modified = {2017-12-29 15:05:18 +0000},
	Organization = {ACM},
	Pages = {19--19},
	Title = {Large-scale interactive water simulation with directional waves},
	Year = {2017}}

@inproceedings{premovze2001rendering,
	Author = {Premo{\v{z}}e, Simon and Ashikhmin, Michael},
	Booktitle = {Computer graphics forum},
	Date-Added = {2017-12-29 15:04:54 +0000},
	Date-Modified = {2017-12-29 15:04:54 +0000},
	Number = {4},
	Organization = {Wiley Online Library},
	Pages = {189--200},
	Title = {Rendering natural waters},
	Volume = {20},
	Year = {2001}}

@inproceedings{peachey1986modeling,
	Author = {Peachey, Darwyn R},
	Booktitle = {ACM Siggraph Computer Graphics},
	Date-Added = {2017-12-29 15:04:39 +0000},
	Date-Modified = {2017-12-29 15:04:39 +0000},
	Number = {4},
	Organization = {ACM},
	Pages = {65--74},
	Title = {Modeling waves and surf},
	Volume = {20},
	Year = {1986}}

@article{goss1990real,
	Author = {Goss, Michael E},
	Date-Added = {2017-12-29 15:04:22 +0000},
	Date-Modified = {2017-12-29 15:04:22 +0000},
	Journal = {IEEE Computer Graphics and Applications},
	Number = {3},
	Pages = {30--35},
	Publisher = {IEEE},
	Title = {A real time particle system for display of ship wakes},
	Volume = {10},
	Year = {1990}}

@inproceedings{dupuy2012real,
	Author = {Dupuy, Jonathan and Bruneton, Eric},
	Booktitle = {SIGGRAPH Asia 2012 Technical Briefs},
	Date-Added = {2017-12-29 15:04:06 +0000},
	Date-Modified = {2017-12-29 15:04:06 +0000},
	Organization = {ACM},
	Pages = {15},
	Title = {Real-time animation and rendering of ocean whitecaps},
	Year = {2012}}

@inproceedings{cords2009real,
	Author = {Cords, Hilko and Staadt, Oliver G},
	Booktitle = {NPH},
	Date-Added = {2017-12-29 15:03:50 +0000},
	Date-Modified = {2017-12-29 15:03:50 +0000},
	Pages = {35--42},
	Title = {Real-Time Open Water Environments with Interacting Objects.},
	Year = {2009}}

@inproceedings{bruneton2010real,
	Author = {Bruneton, Eric and Neyret, Fabrice and Holzschuch, Nicolas},
	Booktitle = {Computer Graphics Forum},
	Date-Added = {2017-12-29 15:03:36 +0000},
	Date-Modified = {2017-12-29 15:03:36 +0000},
	Number = {2},
	Organization = {Wiley Online Library},
	Pages = {487--496},
	Title = {Real-time realistic ocean lighting using seamless transitions from geometry to BRDF},
	Volume = {29},
	Year = {2010}}

@article{mitchell2005real,
	Author = {Mitchell, Jason L},
	Date-Added = {2017-12-29 15:03:18 +0000},
	Date-Modified = {2017-12-29 15:03:18 +0000},
	Journal = {ATI Research Technical Report},
	Number = {1},
	Pages = {121--126},
	Title = {Real-time synthesis and rendering of ocean water},
	Volume = {4},
	Year = {2005}}

@article{mikevsreal,
	Author = {Mike{\v{s}}, Daniel},
	Date-Added = {2017-12-29 15:02:58 +0000},
	Date-Modified = {2017-12-29 15:02:58 +0000},
	Title = {Real-time Water Simulation with Wave Particles on the GPU}}

@inproceedings{baboud2006realistic,
	Author = {Baboud, Lionel and D{\'e}coret, Xavier},
	Booktitle = {Eurographics Workshop on Natural Phenomena},
	Date-Added = {2017-12-29 15:02:32 +0000},
	Date-Modified = {2017-12-29 15:02:32 +0000},
	Title = {Realistic water volumes in real-time},
	Year = {2006}}

@article{tessendorf2001simulating,
	Author = {Tessendorf, Jerry and others},
	Date-Added = {2017-12-29 15:01:48 +0000},
	Date-Modified = {2017-12-29 15:01:48 +0000},
	Journal = {Simulating nature: realistic and interactive techniques. SIGGRAPH},
	Number = {2},
	Pages = {5},
	Title = {Simulating ocean water},
	Volume = {1},
	Year = {2001}}

@article{jeschke2017water,
	Author = {Jeschke, Stefan and Wojtan, Chris},
	Date-Added = {2017-12-29 15:01:30 +0000},
	Date-Modified = {2017-12-29 15:01:30 +0000},
	Journal = {ACM Transactions on Graphics (TOG)},
	Number = {4},
	Pages = {103},
	Publisher = {ACM},
	Title = {Water wave packets},
	Volume = {36},
	Year = {2017}}

@conference{gonzalez2012water,
	Author = {Carlos Gonzalez-Ochoa and Doug Holder},
	Date-Added = {2017-12-29 14:59:03 +0000},
	Date-Modified = {2017-12-29 15:08:57 +0000},
	Title = {Water Technology of Uncharted},
	Url = {http://www.gdcvault.com/play/1015309/Water-Technology-of},
	Year = {2012},
	Bdsk-Url-1 = {http://www.gdcvault.com/play/1015309/Water-Technology-of}}

@inproceedings{yuksel2007wave,
	Author = {Yuksel, Cem and House, Donald H and Keyser, John},
	Booktitle = {ACM Transactions on Graphics (TOG)},
	Date-Added = {2017-12-29 14:57:58 +0000},
	Date-Modified = {2017-12-29 14:57:58 +0000},
	Number = {3},
	Organization = {ACM},
	Pages = {99},
	Title = {Wave particles},
	Volume = {26},
	Year = {2007}}

@conference{gonzalez2016rendering,
	Author = {Carlos Gonzalez-Ochoa},
	Date-Added = {2017-12-29 14:52:37 +0000},
	Date-Modified = {2017-12-29 15:08:49 +0000},
	Organization = {Naughty Dog},
	Title = {Rendering Rapids in Uncharted 4},
	Year = {2016}}

@book{pharr2005gpu,
	Author = {Pharr, Matt and Fernando, Randima},
	Date-Added = {2017-12-29 14:42:24 +0000},
	Date-Modified = {2017-12-29 14:42:24 +0000},
	Publisher = {Addison-Wesley Professional},
	Title = {Gpu gems 2: programming techniques for high-performance graphics and general-purpose computation},
	Year = {2005}}

@book{fernando2004gpu,
	Author = {Fernando, Randima},
	Date-Added = {2017-12-29 14:41:23 +0000},
	Date-Modified = {2017-12-29 14:41:23 +0000},
	Publisher = {Pearson Higher Education},
	Title = {GPU Gems: Programming Techniques, Tips and Tricks for Real-Time Graphics},
	Year = {2004}}

@article{mastin1987fourier,
	Author = {Mastin, Gary A and Watterberg, Peter A and Mareda, John F},
	Date-Added = {2017-12-29 14:39:04 +0000},
	Date-Modified = {2017-12-29 14:39:04 +0000},
	Journal = {IEEE Computer graphics and Applications},
	Number = {3},
	Pages = {16--23},
	Publisher = {IEEE},
	Title = {Fourier synthesis of ocean scenes},
	Volume = {7},
	Year = {1987}}

@article{fournier1986simple,
	Author = {Fournier, Alain and Reeves, William T},
	Date-Added = {2017-12-29 14:24:11 +0000},
	Date-Modified = {2017-12-29 14:24:11 +0000},
	Journal = {ACM Siggraph Computer Graphics},
	Number = {4},
	Pages = {75--84},
	Publisher = {ACM},
	Title = {A simple model of ocean waves},
	Volume = {20},
	Year = {1986}}

@article{darles2011survey,
	Archiveprefix = {arXiv},
	Author = {Emmanuelle Darles and Beno{\^{\i}}t Crespin and Djamchid Ghazanfarpour and Jean{-}Christophe Gonzato},
	Bibsource = {dblp computer science bibliography, http://dblp.org},
	Biburl = {http://dblp.org/rec/bib/journals/corr/abs-1109-6494},
	Date-Added = {2017-12-29 14:22:57 +0000},
	Date-Modified = {2017-12-29 14:23:41 +0000},
	Eprint = {1109.6494},
	Journal = {CoRR},
	Timestamp = {Wed, 07 Jun 2017 14:41:04 +0200},
	Title = {A Survey of Ocean Simulation and Rendering Techniques in Computer Graphics},
	Url = {http://arxiv.org/abs/1109.6494},
	Volume = {abs/1109.6494},
	Year = {2011},
	Bdsk-Url-1 = {http://arxiv.org/abs/1109.6494}}

@book{RTR3,
	Address = {Natick, MA, USA},
	Author = {Tomas Akenine-M\"{o}ller and Eric Haines and Naty Hoffman},
	Date-Added = {2017-12-29 14:19:00 +0000},
	Date-Modified = {2017-12-29 14:19:00 +0000},
	Isbn = {987-1-56881-424-7},
	Pages = {1045},
	Publisher = {A. K. Peters, Ltd.},
	Title = {Real-Time Rendering 3rd Edition},
	Year = {2008}}

@inproceedings{kryachko2016sea,
	Author = {Kryachko, Yury A},
	Booktitle = {ACM SIGGRAPH 2016 Talks},
	Date-Added = {2017-11-27 14:54:14 +0000},
	Date-Modified = {2017-11-27 14:54:14 +0000},
	Organization = {ACM},
	Pages = {22},
	Title = {Sea surface visualization in world of warships},
	Year = {2016}}

@article{claes2004real,
	Author = {Claes, Johanson},
	Date-Added = {2017-11-27 14:49:40 +0000},
	Date-Modified = {2017-12-31 22:30:31 +0000},
	Journal = {Master's thesis},
	Title = {Real-time water rendering-introducing the projected grid concept},
	Year = {2004}}
